
@book{wickham2016,
	title = {R for data science: import, tidy, transform, visualize, and model data},
	author = {{Wickham}, {Hadley} and {Grolemund}, {Garrett}},
	year = {2016},
	date = {2016},
	publisher = {O'Reilly},
	edition = {First edition},
	note = {OCLC: ocn968213225},
	address = {Sebastopol, CA}
}

@article{reid2019,
	title = {Are We There Yet? Addressing Diversity in Political Science Subfields},
	author = {{Reid}, {Rebecca A.} and {Curry}, {Todd A.}},
	year = {2019},
	month = {04},
	date = {2019-04},
	journal = {PS: Political Science & Politics},
	pages = {281--286},
	volume = {52},
	number = {2},
	doi = {10.1017/S1049096518002068},
	url = {https://www.cambridge.org/core/product/identifier/S1049096518002068/type/journal_article},
	langid = {en}
}

@book{strogatz2012,
	title = {The joy of X: a guided tour of math, from one to infinity},
	author = {{Strogatz}, {Steven H.}},
	year = {2012},
	date = {2012},
	publisher = {Houghton Mifflin Harcourt},
	address = {Boston}
}
