
@article{haber2011,
	title = {Do Natural Resources Fuel Authoritarianism? A Preappraisal of the Resource Curse},
	author = {{Haber}, {Sephen} and {Menaldo}, {Victor}},
	year = {2011},
	date = {2011},
	journal = {American Political Science Review},
	pages = {1--26},
	volume = {105},
	number = {1},
	doi = {10.1017/S0003055410000584},
	url = {http://www.journals.cambridge.org/abstract_S0003055410000584}
}

@article{ross1999,
	title = {The Political Economy of the Resource Curse},
	author = {{Ross}, {Michael L.}},
	year = {1999},
	date = {1999},
	journal = {World Politics},
	pages = {297--322},
	volume = {51},
	doi = {10.2307/25054077}
}

@article{knutsen2017,
	title = {Mining and Local Corruption in Africa},
	author = {{Knutsen}, {Carl Henrik} and {Kotsadam}, {Andreas} and {Olsen}, {Eivind Hammersmark} and {Wig}, {Tore}},
	year = {2017},
	date = {2017},
	journal = {American Journal of Political Science},
	pages = {320--334},
	volume = {61},
	number = {2},
	doi = {10.1111/ajps.12268}
}

@article{cohn2019,
	title = {Civic honesty around the globe},
	author = {{Cohn}, {Alain} and {Maréchal}, {Michel André} and {Tannenbaum}, {David} and {Zünd}, {Christian Lukas}},
	year = {2019},
	month = {07},
	date = {2019-07-05},
	journal = {Science},
	pages = {70--73},
	volume = {365},
	number = {6448},
	doi = {10.1126/science.aau8712},
	url = {https://www.sciencemag.org/lookup/doi/10.1126/science.aau8712},
	langid = {en}
}

@misc{60years2016,
	title = {60 Years of Urban Change},
	year = {2016},
	month = {02},
	date = {2016-02-29},
	url = {/urbanchange/},
	langid = {canadian}
}
