
@article{bradleyUnrepresentativeBigSurveys2021,
	title = {Unrepresentative big surveys significantly overestimated US vaccine uptake},
	author = {Bradley, Valerie C. and Kuriwaki, Shiro and Isakov, Michael and Sejdinovic, Dino and Meng, Xiao-Li and Flaxman, Seth},
	year = {2021},
	month = {12},
	date = {2021-12-08},
	journal = {Nature},
	pages = {1--6},
	doi = {10.1038/s41586-021-04198-4},
	url = {https://www.nature.com/articles/s41586-021-04198-4},
	note = {Bandiera{\_}abtest: a
Cg{\_}type: Nature Research Journals
Primary{\_}atype: Research
Publisher: Nature Publishing Group
Subject{\_}term: Infectious diseases;Research data;Statistics
Subject{\_}term{\_}id: infectious-diseases;research-data;statistics},
	langid = {en}
}

@book{gelmanRegressionOtherStories2021,
	title = {Regression and other stories},
	author = {Gelman, Andrew and Hill, Jennifer and Vehtari, Aki},
	year = {2021},
	date = {2021},
	publisher = {Cambridge University Press},
	series = {Analytical methods for social research},
	doi = {10.1017/9781139161879},
	note = {DOI: 10.1017/9781139161879},
	address = {Cambridge, United Kingdom},
	langid = {eng}
}

@article{berinskyMeasuringPublicOpinion2017,
	title = {Measuring Public Opinion with Surveys},
	author = {Berinsky, Adam J.},
	year = {2017},
	month = {05},
	date = {2017-05-11},
	journal = {Annual Review of Political Science},
	pages = {309--329},
	volume = {20},
	number = {Volume 20, 2017},
	doi = {10.1146/annurev-polisci-101513-113724},
	url = {https://www.annualreviews.org/content/journals/10.1146/annurev-polisci-101513-113724},
	note = {Publisher: Annual Reviews},
	langid = {en}
}

@article{gerberSocialPressureVoter2008,
	title = {Social Pressure and Voter Turnout: Evidence from a Large-Scale Field Experiment},
	author = {Gerber, Alan S. and Green, Donald P. and Larimer, Christopher W.},
	year = {2008},
	month = {02},
	date = {2008-02},
	journal = {American Political Science Review},
	pages = {33--48},
	volume = {102},
	number = {1},
	doi = {10.1017/S000305540808009X},
	url = {https://www.cambridge.org/core/product/identifier/S000305540808009X/type/journal_article},
	langid = {en}
}

@book{kuhnStructureScientificRevolutions1962,
	title = {The structure of scientific revolutions},
	author = {Kuhn, Thomas S.},
	year = {1962},
	date = {1962},
	publisher = {University of Chicago Press},
	edition = {3rd ed},
	address = {Chicago, IL}
}

@article{barberComparingCampaignFinance2021,
	title = {Comparing Campaign Finance and Vote-Based Measures of Ideology},
	author = {Barber, Michael},
	year = {2021},
	month = {05},
	date = {2021-05-18},
	journal = {The Journal of Politics},
	pages = {715247},
	doi = {10.1086/715247},
	url = {https://www.journals.uchicago.edu/doi/10.1086/715247},
	langid = {en}
}

@article{converseNatureBeliefSystems1964,
	title = {The nature of belief systems in mass publics},
	author = {Converse, Philip E.},
	year = {1964},
	date = {1964},
	journal = {Critical Review},
	pages = {1--74},
	volume = {18},
	number = {1-3},
	doi = {10.1080/08913810608443650},
	url = {http://www.tandfonline.com/doi/abs/10.1080/08913810608443650},
	langid = {en}
}
