
@article{hillDemographicChangeThreat2019,
	title = {Demographic {Change}, {Threat}, and {Presidential} {Voting}: {Evidence} from {U}.{S}. {Electoral} {Precincts}, 2012 to 2016},
	doi = {10.2139/ssrn.3351950},
	journal = {PNAS},
	author = {Hill, Seth and Hopkins, Daniel J. and Huber, Gregory},
	year = {2019},
	pages = {1--6},
	file = {Hill, Hopkins, Huber - 2019 - Demographic Change, Threat, and Presidential Voting Evidence from U.S. Electoral Precincts, 2012 to 2016:C\:\\Users\\jornstein\\Zotero\\storage\\TT7RBFQH\\Hill, Hopkins, Huber - 2019 - Demographic Change, Threat, and Presidential Voting Evidence from U.S. Electoral Precincts, 2012 to 2016.pdf:application/pdf}
}
