
@book{wickham2016,
	title = {R for data science: import, tidy, transform, visualize, and model data},
	author = {{Wickham}, {Hadley} and {Grolemund}, {Garrett}},
	year = {2016},
	date = {2016},
	publisher = {O'Reilly},
	edition = {First edition},
	url = {https://r4ds.had.co.nz/},
	note = {OCLC: ocn968213225},
	address = {Sebastopol, CA}
}
